[gd_scene load_steps=15 format=2]

[ext_resource path="res://src/characters/player/Player.gd" type="Script" id=1]
[ext_resource path="res://src/characters/player/base_cuerpo.gd" type="Script" id=2]
[ext_resource path="res://src/characters/player/player_a.res" type="SpriteFrames" id=3]
[ext_resource path="res://src/characters/player/player_e.res" type="SpriteFrames" id=4]
[ext_resource path="res://src/characters/player/player_c.res" type="SpriteFrames" id=5]
[ext_resource path="res://src/characters/player/player_b.res" type="SpriteFrames" id=6]
[ext_resource path="res://src/characters/player/player_d.res" type="SpriteFrames" id=7]
[ext_resource path="res://src/characters/player/armors/00/armor_00_d.res" type="SpriteFrames" id=8]
[ext_resource path="res://src/characters/player/armors/00/armor_00_e.res" type="SpriteFrames" id=9]
[ext_resource path="res://src/characters/player/armors/00/armor_00_c.res" type="SpriteFrames" id=10]
[ext_resource path="res://src/characters/player/armors/00/armor_00_a.res" type="SpriteFrames" id=11]
[ext_resource path="res://src/characters/player/armors/00/armor_00_b.res" type="SpriteFrames" id=12]

[sub_resource type="SpriteFrames" id=1]
animations = [ {
"frames": [ null, null, null ],
"loop": false,
"name": "slide",
"speed": 14.0
}, {
"frames": [ null, null, null, null ],
"loop": true,
"name": "stand",
"speed": 5.0
}, {
"frames": [ null ],
"loop": false,
"name": "jump",
"speed": 10.0
}, {
"frames": [ null, null, null, null, null, null, null, null, null, null ],
"loop": true,
"name": "run",
"speed": 14.0
} ]

[sub_resource type="RectangleShape2D" id=2]
extents = Vector2( 7, 16 )

[node name="Player" type="KinematicBody2D"]
collision/safe_margin = 1.0
script = ExtResource( 1 )
__meta__ = {
"_edit_group_": true
}

[node name="AnimatedSprite" type="AnimatedSprite" parent="."]
frames = SubResource( 1 )
animation = "slide"
frame = 2
playing = true
script = ExtResource( 2 )

[node name="e" type="AnimatedSprite" parent="AnimatedSprite"]
frames = ExtResource( 4 )
animation = "stand"

[node name="Armadura" type="AnimatedSprite" parent="AnimatedSprite/e"]
frames = ExtResource( 9 )
animation = "stand"

[node name="d" type="AnimatedSprite" parent="AnimatedSprite"]
frames = ExtResource( 7 )
animation = "stand"

[node name="Armadura" type="AnimatedSprite" parent="AnimatedSprite/d"]
frames = ExtResource( 8 )
animation = "stand"

[node name="c" type="AnimatedSprite" parent="AnimatedSprite"]
frames = ExtResource( 5 )
animation = "stand"

[node name="Armadura" type="AnimatedSprite" parent="AnimatedSprite/c"]
frames = ExtResource( 10 )
animation = "stand"

[node name="b" type="AnimatedSprite" parent="AnimatedSprite"]
frames = ExtResource( 6 )
animation = "stand"

[node name="Armadura" type="AnimatedSprite" parent="AnimatedSprite/b"]
frames = ExtResource( 12 )
animation = "stand"

[node name="a" type="AnimatedSprite" parent="AnimatedSprite"]
frames = ExtResource( 3 )
animation = "stand"

[node name="Armadura" type="AnimatedSprite" parent="AnimatedSprite/a"]
frames = ExtResource( 11 )
animation = "stand"

[node name="CollisionShape2D" type="CollisionShape2D" parent="."]
position = Vector2( 0, 7 )
shape = SubResource( 2 )
[connection signal="frame_changed" from="AnimatedSprite" to="AnimatedSprite" method="_on_AnimatedSprite_frame_changed"]
