[gd_scene load_steps=6 format=2]

[ext_resource path="res://src/level_backgrounds/outside_caves/bck1_outside_caves.png" type="Texture" id=1]
[ext_resource path="res://src/level_backgrounds/outside_caves/bck3_oustide_caves.png" type="Texture" id=2]
[ext_resource path="res://src/level_backgrounds/outside_caves/bck2_outside_caves.png" type="Texture" id=3]
[ext_resource path="res://src/level_backgrounds/outside_caves/bck4_outside_caves.png" type="Texture" id=4]
[ext_resource path="res://src/level_backgrounds/background_move.gd" type="Script" id=5]

[node name="ParallaxBackground" type="ParallaxBackground"]

[node name="ParallaxLayer" type="ParallaxLayer" parent="."]
motion_scale = Vector2( 0.1, 0 )
motion_mirroring = Vector2( 512, 0 )
__meta__ = {
"_edit_group_": true
}

[node name="bck1_outside_caves" type="Sprite" parent="ParallaxLayer"]
position = Vector2( 64, 0 )
texture = ExtResource( 1 )
hframes = 3
frame = 1

[node name="bck1_outside_caves2" type="Sprite" parent="ParallaxLayer"]
position = Vector2( 192, 0 )
texture = ExtResource( 1 )
hframes = 3

[node name="bck1_outside_caves3" type="Sprite" parent="ParallaxLayer"]
position = Vector2( 320, 0 )
texture = ExtResource( 1 )
hframes = 3
frame = 1

[node name="bck1_outside_caves4" type="Sprite" parent="ParallaxLayer"]
position = Vector2( 448, 0 )
texture = ExtResource( 1 )
hframes = 3
frame = 2

[node name="ParallaxLayer2" type="ParallaxLayer" parent="."]
motion_scale = Vector2( 0.1, 0 )
__meta__ = {
"_edit_group_": true
}

[node name="bck4_outside_caves" type="Sprite" parent="ParallaxLayer2"]
position = Vector2( 200, 0 )
texture = ExtResource( 4 )

[node name="ParallaxLayer3" type="ParallaxLayer" parent="."]
motion_scale = Vector2( 0.2, 0 )
motion_mirroring = Vector2( 512, 0 )
script = ExtResource( 5 )
__meta__ = {
"_edit_group_": true
}
spd = 0.25

[node name="bck2_outside_caves" type="Sprite" parent="ParallaxLayer3"]
position = Vector2( 64, 0 )
texture = ExtResource( 3 )
hframes = 3
frame = 1

[node name="bck2_outside_caves2" type="Sprite" parent="ParallaxLayer3"]
position = Vector2( 192, 0 )
texture = ExtResource( 3 )
hframes = 3

[node name="bck2_outside_caves3" type="Sprite" parent="ParallaxLayer3"]
position = Vector2( 320, 0 )
texture = ExtResource( 3 )
hframes = 3
frame = 2

[node name="bck2_outside_caves4" type="Sprite" parent="ParallaxLayer3"]
position = Vector2( 448, 0 )
texture = ExtResource( 3 )
hframes = 3

[node name="ParallaxLayer4" type="ParallaxLayer" parent="."]
motion_scale = Vector2( 0.4, 0 )
motion_mirroring = Vector2( 512, 0 )
__meta__ = {
"_edit_group_": true
}

[node name="bck3_oustide_caves" type="Sprite" parent="ParallaxLayer4"]
position = Vector2( 64, 0 )
texture = ExtResource( 2 )
hframes = 3

[node name="bck3_oustide_caves2" type="Sprite" parent="ParallaxLayer4"]
position = Vector2( 192, 0 )
texture = ExtResource( 2 )
hframes = 3
frame = 2

[node name="bck3_oustide_caves3" type="Sprite" parent="ParallaxLayer4"]
position = Vector2( 320, 0 )
texture = ExtResource( 2 )
hframes = 3

[node name="bck3_oustide_caves4" type="Sprite" parent="ParallaxLayer4"]
position = Vector2( 448, 0 )
texture = ExtResource( 2 )
hframes = 3
frame = 1
